@article{traffic,
  author={D'Andrea, Eleonora and Ducange, Pietro and Lazzerini, Beatrice and Marcelloni, Francesco},
  journal={IEEE Transactions on Intelligent Transportation Systems}, 
  title={\href{https://ieeexplore.ieee.org/document/7057672}{Real-Time Detection of Traffic From Twitter Stream Analysis}}, 
  year={2015},
  volume={16},
  number={4},
  pages={2269-2283},
  doi={10.1109/TITS.2015.2404431}}

@article{healthline,
  author={Carolyn Abate},
  journal={Healthline}, 
  title={\href{https://www.healthline.com/health-news/body-shaming-in-social-media}{Body Shaming in an Age of Social Media}}, 
  year={2015},
  volume={16},
  number={4},
  pages={2269-2283}}
  
@INPROCEEDINGS{greenpass,  
  author={Bondielli, Alessandro and Tortora, Giuseppe Cancello and Ducange, Pietro and Macri, Armando and Marcelloni, Francesco and Renda, Alessandro},  
  booktitle={2022 IEEE International Conference on Evolving and Adaptive Intelligent Systems (EAIS)}, title={\href{https://ieeexplore.ieee.org/document/9787753/authors#authors}{Online Monitoring of Stance from Tweets: The case of Green Pass in Italy}},   
  year={2022},  
  volume={},  
  number={},  
  pages={1-8},  doi={10.1109/EAIS51927.2022.9787753}}

@article{disorders,
  author={Schl√ºter, C. and Kraag, G. and Schmidt, J.},
  title={\href{https://doi.org/10.1007/s42380-021-00109-3}{Body Shaming: an Exploratory Study on its Definition and Classification.}},
  journal={Int Journal of Bullying Prevention},
  year={2021}
}

@book {book,
   title={Data Mining Concept and Techniques},
   author={Han, Jiawei and Kamber, Micheline and Pei, Jian},
   year={2012},
   publisher={Morgan Kaufmann}
}